
<record xmlns="http://www.loc.gov/MARC21/slim" type="Bibliographic">
	<leader>00000nam a22000008c 4500</leader>
	<controlfield tag="001">1173821562</controlfield>
	<controlfield tag="003">DE-101</controlfield>
	<controlfield tag="005">20190102131435.0</controlfield>
	<controlfield tag="007">tu</controlfield>
	<controlfield tag="008">181219s2100 gw ||||| |||| 00||||ger  </controlfield>
	<datafield tag="015" ind1=" " ind2=" ">
		<subfield code="a">19,N01</subfield>
		<subfield code="2">dnb</subfield>
	</datafield>
	<datafield tag="016" ind1="7" ind2=" ">
		<subfield code="2">DE-101</subfield>
		<subfield code="a">1173821562</subfield>
	</datafield>
	<datafield tag="020" ind1=" " ind2=" ">
		<subfield code="a">9876543210987</subfield>
		<subfield code="c">EUR 34.99 (DE), EUR 35.83 (AT)</subfield>
		<subfield code="9">987-6-543-21098-7</subfield>
	</datafield>
	<datafield tag="020" ind1=" " ind2=" ">
		<subfield code="a">1234567890</subfield>
		<subfield code="9">1-234-56789-0</subfield>
	</datafield>
	<datafield tag="024" ind1="3" ind2=" ">
		<subfield code="a">9783658110888</subfield>
	</datafield>
	<datafield tag="028" ind1="5" ind2="2">
		<subfield code="a">Bestellnummer: 978-3-658-11088-8</subfield>
	</datafield>
	<datafield tag="028" ind1="5" ind2="2">
		<subfield code="a">Bestellnummer: 86461139</subfield>
	</datafield>
	<datafield tag="035" ind1=" " ind2=" ">
		<subfield code="a">(DE-599)DNB1173821562</subfield>
	</datafield>
	<datafield tag="040" ind1=" " ind2=" ">
		<subfield code="a">1245</subfield>
		<subfield code="b">ger</subfield>
		<subfield code="c">DE-101</subfield>
		<subfield code="d">9999</subfield>
	</datafield>
	<datafield tag="041" ind1=" " ind2=" ">
		<subfield code="a">ger</subfield>
	</datafield>
	<datafield tag="044" ind1=" " ind2=" ">
		<subfield code="c">XA-DE-HE</subfield>
	</datafield>
	<datafield tag="082" ind1="7" ind2="4">
		<subfield code="8">1\p</subfield>
		<subfield code="a">650</subfield>
		<subfield code="q">DE-101</subfield>
		<subfield code="2">23sdnb</subfield>
	</datafield>
	<datafield tag="100" ind1="1" ind2=" ">
		<subfield code="a">Test1, Author</subfield>
		<subfield code="4">aut</subfield>
	</datafield>
	<datafield tag="245" ind1="0" ind2="0">
		<subfield code="a">Test Title Test mit ü</subfield>
		<subfield code="b">Test Remainder Title Test</subfield>
		<subfield code="c">Nikolaus Graeve</subfield>
	</datafield>
	<datafield tag="250" ind1=" " ind2=" ">
		<subfield code="a">1. Auflage 2019</subfield>
	</datafield>
	<datafield tag="263" ind1=" " ind2=" ">
		<subfield code="a">200006</subfield>
	</datafield>
	<datafield tag="264" ind1=" " ind2="1">
		<subfield code="a">Testort</subfield>
		<subfield code="b">Verlag XYZ</subfield>
		<subfield code="c">2019</subfield>
	</datafield>
	<datafield tag="300" ind1=" " ind2=" ">
		<subfield code="a">160 Seiten in 1 Teil</subfield>
		<subfield code="c">23.5 cm x 15.5 cm</subfield>
		<subfield code="e">Enthält: 1 Online-Ressource</subfield>
	</datafield>
	<datafield tag="336" ind1=" " ind2=" ">
		<subfield code="a">Text</subfield>
		<subfield code="b">txt</subfield>
		<subfield code="2">rdacontent</subfield>
	</datafield>
	<datafield tag="337" ind1=" " ind2=" ">
		<subfield code="a">nicht spezifiziert</subfield>
		<subfield code="b">z</subfield>
		<subfield code="2">rdamedia</subfield>
	</datafield>
	<datafield tag="338" ind1=" " ind2=" ">
		<subfield code="a">nicht spezifiziert</subfield>
		<subfield code="b">zu</subfield>
		<subfield code="2">rdacarrier</subfield>
	</datafield>
	<datafield tag="490" ind1="1" ind2=" ">
		<subfield code="a">Testseries</subfield>
		<subfield code="v">3</subfield>
	</datafield>
	<datafield tag="653" ind1=" " ind2=" ">
		<subfield code="a">(Produktform)Mixed media product</subfield>
	</datafield>
	<datafield tag="653" ind1=" " ind2=" ">
		<subfield code="a">(Produktform)Another DNB product form</subfield>
	</datafield>
	<datafield tag="653" ind1=" " ind2=" ">
		<subfield code="a">(BISAC Subject Heading)BUS043000</subfield>
	</datafield>
	<datafield tag="653" ind1=" " ind2=" ">
		<subfield code="a">(BISAC Subject Heading)KJS</subfield>
	</datafield>
	<datafield tag="653" ind1=" " ind2=" ">
		<subfield code="a">Cross-Channel</subfield>
	</datafield>
	<datafield tag="653" ind1=" " ind2=" ">
		<subfield code="a">Lead-Management</subfield>
	</datafield>
	<datafield tag="653" ind1=" " ind2=" ">
		<subfield code="a">Lead-Nurtering</subfield>
	</datafield>
	<datafield tag="653" ind1=" " ind2=" ">
		<subfield code="a">Lead-Scoring</subfield>
	</datafield>
	<datafield tag="653" ind1=" " ind2=" ">
		<subfield code="a">Marketing-Automation</subfield>
	</datafield>
	<datafield tag="653" ind1=" " ind2=" ">
		<subfield code="a">Multichannel</subfield>
	</datafield>
	<datafield tag="653" ind1=" " ind2=" ">
		<subfield code="a">One-To-One</subfield>
	</datafield>
	<datafield tag="653" ind1=" " ind2=" ">
		<subfield code="a">One2One</subfield>
	</datafield>
	<datafield tag="653" ind1=" " ind2=" ">
		<subfield code="a">Online-Marketing</subfield>
	</datafield>
	<datafield tag="653" ind1=" " ind2=" ">
		<subfield code="a">(BISAC Subject Heading)BUS090000</subfield>
	</datafield>
	<datafield tag="653" ind1=" " ind2=" ">
		<subfield code="a">(BISAC Subject Heading)COM005030</subfield>
	</datafield>
	<datafield tag="653" ind1=" " ind2=" ">
		<subfield code="a">(BIC subject category)KJE</subfield>
	</datafield>
	<datafield tag="653" ind1=" " ind2=" ">
		<subfield code="a">(BIC subject category)KJQ</subfield>
	</datafield>
	<datafield tag="653" ind1=" " ind2=" ">
		<subfield code="a">(Springer Nature Marketing Classification)A</subfield>
	</datafield>
	<datafield tag="653" ind1=" " ind2=" ">
		<subfield code="a">(Springer Nature Subject Code)SC513000: Marketing</subfield>
	</datafield>
	<datafield tag="653" ind1=" " ind2=" ">
		<subfield code="a">(Springer Nature Subject Collection)SUCO41169: Business and Management</subfield>
	</datafield>
	<datafield tag="653" ind1=" " ind2=" ">
		<subfield code="a">(Springer Nature Subject Code)SC522060: e-Business/e-Commerce</subfield>
	</datafield>
	<datafield tag="653" ind1=" " ind2=" ">
		<subfield code="a">(Springer Nature Subject Code)SC522030: Business Information Systems</subfield>
	</datafield>
	<datafield tag="653" ind1=" " ind2=" ">
		<subfield code="a">(BISAC Subject Heading)BUS043000</subfield>
	</datafield>
	<datafield tag="653" ind1=" " ind2=" ">
		<subfield code="a">(BIC subject category)KJS</subfield>
	</datafield>
	<datafield tag="653" ind1=" " ind2=" ">
		<subfield code="a">(VLB-WN)1785: Hardcover, Softcover / Wirtschaft/Werbung, Marketing</subfield>
	</datafield>
	<datafield tag="655" ind1=" " ind2="7">
		<subfield code="a">Testbücher bis 11 Jahre</subfield>
	</datafield>
	<datafield tag="700" ind1="1" ind2=" ">
		<subfield code="a">Test2, Author</subfield>
		<subfield code="e">Verfasser</subfield>
		<subfield code="4">aut</subfield>
	</datafield>
	<datafield tag="700" ind1="1" ind2=" ">
		<subfield code="a">Wurst, Hans</subfield>
		<subfield code="e">Übersetzer</subfield>
		<subfield code="4">trl</subfield>
	</datafield>
	<datafield tag="710" ind1="2" ind2=" ">
		<subfield code="0">(DE-588)1043386068</subfield>
		<subfield code="0">http://d-nb.info/gnd/1043386068</subfield>
		<subfield code="0">(DE-101)1043386068</subfield>
		<subfield code="a">Springer Fachmedien Wiesbaden GmbH</subfield>
		<subfield code="e">Verlag</subfield>
		<subfield code="4">pbl</subfield>
	</datafield>
	<datafield tag="830" ind1=" " ind2="0">
		<subfield code="a">Testseries</subfield>
		<subfield code="v">3</subfield>
	</datafield>
	<datafield tag="856" ind1="4" ind2="2">
		<subfield code="m">X:MVB</subfield>
		<subfield code="q">text/html</subfield>
		<subfield code="u">http://deposit.dnb.de/cgi-bin/dokserv?id=69f5e8c516b64e0b938c72db3227430f&amp;prov=M&amp;dok_var=1&amp;dok_ext=htm</subfield>
		<subfield code="3">Inhaltstext</subfield>
	</datafield>
	<datafield tag="856" ind1="4" ind2="2">
		<subfield code="m">X:MVB</subfield>
		<subfield code="u">http://www.springer.com/</subfield>
	</datafield>
	<datafield tag="883" ind1="1" ind2=" ">
		<subfield code="8">1\p</subfield>
		<subfield code="a">maschinell gebildet</subfield>
		<subfield code="d">20181219</subfield>
		<subfield code="q">DE-101</subfield>
	</datafield>
	<datafield tag="926" ind1="2" ind2=" ">
		<subfield code="a">KJSM</subfield>
		<subfield code="o">93</subfield>
		<subfield code="q">Publisher</subfield>
		<subfield code="v">1.2</subfield>
		<subfield code="x">Marktforschung</subfield>
	</datafield>
	<datafield tag="926" ind1="2" ind2=" ">
		<subfield code="a">KJE</subfield>
		<subfield code="o">93</subfield>
		<subfield code="q">Publisher</subfield>
		<subfield code="v">1.2</subfield>
		<subfield code="x">E-Commerce, E-Business</subfield>
	</datafield>
	<datafield tag="926" ind1="2" ind2=" ">
		<subfield code="a">KJQ</subfield>
		<subfield code="o">93</subfield>
		<subfield code="q">Publisher</subfield>
		<subfield code="v">1.2</subfield>
		<subfield code="x">Wirtschaftsmathematik und -informatik, IT-Management</subfield>
	</datafield>
	<datafield tag="926" ind1="2" ind2=" ">
		<subfield code="a">KJS</subfield>
		<subfield code="o">93</subfield>
		<subfield code="q">Publisher</subfield>
		<subfield code="v">1.2</subfield>
		<subfield code="x">Marketing und Vertrieb</subfield>
	</datafield>
</record>